@incollection{achim2010dendroecologie,
  title={Principales caractéristiques anatomiques du bois des gymnospermes et des angiospermes},
  author={Achim, Alexis and Cloutier, Alain},
  booktitle={La dendro{\'e}cologie: Principes, m{\'e}thodes et applications},
  year={2010},
  publisher={Presses de l'Universit{\'e} Laval}
}

@article{auty2014models,
  title={Models for predicting wood density variation in Scots pine},
  author={Auty, David and Achim, Alexis and Macdonald, Elspeth and Cameron, Andrew D and Gardiner, Barry A},
  journal={Forestry},
issue={87},
  pages={449-458},
  year={2014},
  publisher={Inst Chartered Foresters}
}

@article{auty2013models,
  title={Models for predicting microfibril angle variation in Scots pine},
  author={Auty, David and Gardiner, Barry A and Achim, Alexis and Moore, John R and Cameron, Andrew D},
  journal={Annals of Forest Science},
  volume={70},
  number={2},
  pages={209--218},
  year={2013},
  publisher={Springer}
}

@book{bowyer2007forest,
  title={Forest products and wood science: an introduction. 5th edition},
  author={Bowyer, JL and Shmulsky, R and Haygreen, JG},
  year={2007},
  publisher={John Wiley}
}

@article{burns1990silvics,
  title={Silvics of North America: 1. conifers; 2. hardwoods},
  author={Burns, Russell M and Barbara, H and others},
  year={1990}
}

@book{butterfield2012three,
   title={Three-dimensional structure of wood. An ultrastructural approach},
  author={Butterfield, BG and Meylan, BA},
  year={1980},
  publisher={Chapman \& Hall: London, New York}
}

@book{fahn1990plant,
  title={Plant anatomy (4th edn)},
  author={Fahn, A},
  year={1990},
  publisher={Pergamon Press: Oxford}
}

@book{jane1970structure,
  title={The structure of wood},
  author={Jane, Frank W},
  year={1970},
  publisher={Adam \& Charles Black}
}

@article{jozsa1994discussion,
	title={A discussion of wood quality attributes and their practical implications, Forintek Canada Corp},
	author={Jozsa, LA and Middleton, GR},
	journal={Special Public. No. SP-34, Vancouver, BC},
	year={1994}
}

@article{hassegawa2015large,
  title={Large-scale variations in lumber value recovery of yellow birch and sugar maple in Quebec, Canada},
  author={Hassegawa, Mariana and Havreljuk, Filip and Ouimet, Rock and Auty, David and Pothier, David and Achim, Alexis},
  journal={PloS one},
  volume={10},
  number={8},
  pages={e0136674},
  year={2015},
  publisher={Public Library of Science}
}

@book{hoadley1990identifying,
  title={Identifying wood: accurate results with simple tools},
  author={Hoadley, R Bruce},
  year={1990},
  publisher={Taunton Press}
}

@book{kimmins1987forest,
  title={Forest ecology},
  author={Kimmins, James Peter},
  year={1987},
  publisher={Macmillan Publishing Company, New York, NY}
}

@book{landis1989container,
  title={The Container Tree Nursery Manual. Volume Four, Seedling Nutrition and Irrigation},
  author={Landis, Thomas D},
  year={1989},
  publisher={USDA Forest Service}
}

@inproceedings{lachenbruch2011radial,
  title={Radial variation in wood structure and function in woody plants, and hypotheses for its occurrence},
  author={Lachenbruch, Barbara and Moore, John R and Evans, Robert},
  booktitle={Size-and age-related changes in tree structure and function},
  pages={121--164},
  year={2011},
  publisher={Springer}
}

@article{larson1969wood,
  title={Wood formation and the concept of wood quality},
  author={Larson, Philip R},
  year={1969}
}

@article{leninger1993principles,
  title={Principles of biochemistry},
  author={Leninger, AL and Nelson, Dalud L and Cox, Michel M},
  journal={New York: Worth Publishers},
  year={1993}
}

@report{MRN1996,
	author = {MRN},
	title = {L'industrie québécoise des produits du bois : Situation et perspectives d’avenir},
	institution = {Ministère des ressources naturelles du Qu\'{e}bec},
	year = {1996}
}

@book{moore2011wood,
  title={Wood properties and uses of Sitka spruce in Britain.},
  author={Moore, John and others},
  number={015},
  year={2011},
  publisher={Forestry Commission}
}

@book{panshin1980textbook,
  title={Textbook of wood technology.},
  author={Panshin, Alexis John and Zeeuw, C de and others},
  year={1980},
  publisher={McGraw-Hill Book Co.}
}

@book{payette2010dendroecologie,
  title={La dendro{\'e}cologie: Principes, m{\'e}thodes et applications},
  author={Payette, Serge and Filion, Louise},
  year={2010},
  publisher={Presses de l'Universit{\'e} Laval}
}

@book{quebec2003tarif,
  title={Tarif de cubage g{\'e}n{\'e}ral: volume marchand brut},
  author={Qu{\'e}bec, For{\^e}t},
  year={2003},
  publisher={Qu{\'e}bec: Direction des inventaires forestiers}
}


@book{waring1985forest,
  title={Forest ecosystems. Concepts and management.},
  author={Waring, Richard H and Schlesinger, William H and others},
  year={1985},
  publisher={Academic Press}
}

@book{weier1974botany,
  title={Botany, an introduction to plant biology},
  author={Weier, T Elliot and Stocking, C Ralph and Barbour, Michael G and others},
  year={1974},
  publisher={Wiley}
}

@article{choong1997wood,
  title={Wood: Influence of moisture on physical properties},
  author={Choong, Elvin T and Siau, John F},
  journal={Wood and Fiber Science},
  volume={29},
  number={3},
  pages={306--306},
  year={1997},
  publisher={Lawrence, Kan.: The Society, 1983-}
}

@book{zimmerman1971trees,
  title={Trees: structure and function.},
  author={Zimmerman, Martin Huldrych and Brown, Claud L and others},
  year={1971},
  publisher={New York, USA, Springer-Verlag.}
}



@misc{Angelidis1994,
	author = {Angelidis, A.},
	year = {1994},
	editor = {Parlement européen},
	title = {L'Europe et la forêt},
	date = {2 avril 2008},
	url = {http://www.europarl.europa.eu/workingpapers/agri/ch4-2_fr.htm}
}

@book{barnes1962yield,
	title={Yield of even-aged stands of western hemlock},
	author={Barnes, George H},
	number={1273},
	year={1962},
	publisher={US Dept. of Agriculture}
}

@book{boulet2007defauts,
	title={Défauts et indices de la carie des arbres: guide d'interprétation},
	author={Boulet, Bruno and Lessard, Véronique and Légaré, Robert},
	year={2007},
	publisher={Publications du Qu\'{e}bec}
}

@thesis{bouthillier1991,
	author = {Bouthillier, Luc},
	title={Le concept de rendement soutenu en foresterie dans un contexte nord-américain},
	type = {Thèse de doctorat},
	institution = {Université Laval},
	year = {1991}
}

@article{coulombe2004commission,
	title={Commission d’étude sur la gestion de la forêt publique québécoise},
	author={Coulombe, Guy and Huot, Jean and Arsenault, Jules and Bauce, \'{E}ric and Bernard, Jean-Thomas and Bouchard, André and Liboiron, Marie Anick and Szaraz, G},
	journal={Bibliothèque nationale du Qu\'{e}bec},
	year={2004}
}

@book{daniel1979principles,
	title={Principles of silviculture.},
	author={Daniel, Theodore W and Helms, John A and Baker, Frederick Storrs and others},
	number={Ed. 2},
	year={1979},
	publisher={McGraw-Hill Book Company.}
}

@book{doucet2009manuel,
	title={Manuel de foresterie},
	author={{Ordre des ingénieurs forestiers du Qu\'{e}bec}},
	year={2009},
	publisher={{\'E}ditions MultiMondes}
}

@book{fernow1911brief,
	title={A Brief History of Forestry... Revised and Enlarged Edition},
	author={Fernow, Bernhard Eduard},
	year={1911},
	publisher={Toronto; Forestry Quarterly: Cambridge, Mass.}
}

@book{gauthier2008amenagement,
	title={Am{\'e}nagement {\'e}cosyst{\'e}mique en for{\^e}t bor{\'e}ale},
	author={Gauthier, Sylvie and Vaillancourt, Marie-Andr{\'e}e},
	year={2008},
	publisher={Puq}
}

@report{Gosselin1998,
	author = {Gosselin, J. and Grondin, P and Saucier, JP},
	title = {Système de classification écologique},
	type = {Rapport de classification écologique du sous-domaine bioclimatique de la sapinière à bouleau blanc de l'ouest},
	institution = {Ministère des ressources naturelles du Qu\'{e}bec. Direction des stocks forestiers},
	year = {1998}
}

@book{grondin2007integration,
	title={Intégration de la végétation et de ses variables explicatives à des fins de classification et de cartographie d'unités homogènes du Qu\'{e}bec méridional},
	author={Grondin, Pierre and No{\"e}l, Jean and Hotte, Denis},
	year={2007},
	publisher={Minist\`ere des Ressources naturelles et de la Faune, Direction de la recherche forestière}
}

@book{guillemette2013effets,
	title={Effets réels décennaux des coupes de jardinage pratiquées de 1995 à 1999 dans un contexte opérationnel},
	author={Guillemette, Fran{\c{c}}ois and Gauthier, Martin-Michel and Lambert, Marie-Claude and Bédard, Steve},
	year={2013},
	publisher={Gouvernement du Qu\'{e}bec. Direction de la recherche forestière}
}

@report{Hardy1983,
	author = {Hardy, J.-P.},
	title = {Le bois et la main-d’oeuvre au XIXe siècle},
	type = {Feuillet d’information},
	institution = {Musées nationaux du Canada},
	year = {1983}
}

@article{havreljuk2014integrating,
  title={Integrating standing value estimations into tree marking guidelines to meet wood supply objectives},
  author={Havreljuk, Filip and Achim, Alexis and Auty, David and Bédard, Steve and Pothier, David},
  journal={Canadian Journal of Forest Research},
  volume={44},
  number={7},
  pages={750--759},
  year={2014},
  publisher={NRC Research Press}
}

@article{jobidon1994light,
	title={Light threshold for optimal black spruce (Picea mariana) seedling growth and development under brush competition},
	author={Jobidon, Robert},
	journal={Canadian Journal of Forest Research},
	volume={24},
	number={8},
	pages={1629--1635},
	year={1994},
	publisher={NRC Research Press}
}

@article{jobidon1998initial,
	title={Initial size and competing vegetation effects on water stress and growth of Picea mariana (Mill.) BSP seedlings planted in three different environments},
	author={Jobidon, Robert and Charette, Lise and Bernier, Pierre Y},
	journal={Forest Ecology and Management},
	volume={103},
	number={2},
	pages={293--305},
	year={1998},
	publisher={Elsevier}
}


@book{lanier1986precis,
	title={Précis de sylviculture},
	author={Lanier, Louis and Badré, Michel and Delabraze, P and Dubourdieu, J and Flammarion, JP},
	year={1986},
	publisher={{\'E}cole nationale du Génie rural, des Eaux et des For{\^e}ts}
}

@article{leak1996long,
	title={Long-term structural change in uneven-aged northern hardwoods},
	author={Leak, William B},
	journal={Forest Science},
	volume={42},
	number={2},
	pages={160--165},
	year={1996},
	publisher={Society of American Foresters}
}

@book{majcen1990choix,
	title={Choix des tiges {\`a} marquer pour le jardinage d'érabli\`e res inéquiennes},
	author={Majcen, Zoran},
	year={1990},
	publisher={Gouvernement du Qu{\'e}bec, Minist{\`e}re de l'{\'e}nergie et des ressources (For{\^e}ts), Direction de la recherche et du d{\'e}veloppement}
}

@report{MRNF2009taux,
	author = {MRNF},
	title = {Taux unitaires de la valeur marchande des bois sur pied des forêts du domaine de l'État par zone de tarification forestière pour la période du 1er juillet 2009 au 30 septembre 2009.},
	type = {Feuillet d’information},
	institution = {Ministère des Ressources naturelles et de la Faune du Qu\'{e}bec},
	year = {2009}
}

@article{oliver1996forest,
	title={Forest stand dynamics Wiley},
	author={Oliver, CD and Larson, BC},
	journal={New York},
	year={1996}
}

@article{Pan19082011,
	author = {Pan, Yude and Birdsey, Richard A. and Fang, Jingyun and Houghton, Richard and Kauppi, Pekka E. and Kurz, Werner A. and Phillips, Oliver L. and Shvidenko, Anatoly and Lewis, Simon L. and Canadell, Josep G. and Ciais, Philippe and Jackson, Robert B. and Pacala, Stephen W. and McGuire, A. David and Piao, Shilong and Rautiainen, Aapo and Sitch, Stephen and Hayes, Daniel}, 
	title = {A Large and Persistent Carbon Sink in the World’s Forests},
	volume = {333}, 
	number = {6045}, 
	pages = {988-993}, 
	year = {2011}, 
	doi = {10.1126/science.1201609}, 
	URL = {http://www.sciencemag.org/content/333/6045/988.abstract}, 
	eprint = {http://www.sciencemag.org/content/333/6045/988.full.pdf}, 
	journal = {Science} 
}

@article{pothier1998actualisation,
	title={Actualisation des tables de production pour les principales espèces du Qu\'{e}bec},
	author={Pothier, D and Savard, F},
	journal={Gouvernement du Qu\'{e}bec, ministère des Ressources naturelles, Bibliothèque nationale du Qu\'{e}bec. RN98-3054},
	year={1998}
}

@book{quebec1998paysages,
	title={Paysages régionaux du Qu\'{e}bec méridional},
	author={André Robitaille and Saucier, Jean-Pierre},
	year={1998},
	publisher={Gouvernement du Qu\'{e}bec, Ministère des ressources naturelles}
}

@article{raymond2009irregular,
	title={The irregular shelterwood system: review, classification, and potential application to forests affected by partial disturbances},
	author={Raymond, Patricia and B{\'e}dard, Steve and Roy, Vincent and Larouche, Catherine and Tremblay, St{\'e}phane},
	journal={Journal of Forestry},
	volume={107},
	number={8},
	pages={405--413},
	year={2009},
	publisher={Society of American Foresters}
}

@article{reineke1933perfecting,
	title={Perfecting a stand-density index for even-aged forests},
	author={Reineke, Lester Henry},
	year={1933},
	publisher={US Government Printing Office Washington, DC}
}

@book{saucier1994point,
	title={Point d'observation \'{e}cologique},
	author={Saucier, Jean-Pierre},
	year={1994},
	publisher={Gouvernement du Qu\'{e}bec, Minist\`{e}re des ressources naturelles}
}

@article{schliemann2011methods,
	title={Methods for studying treefall gaps: a review},
	author={Schliemann, Sarah A and Bockheim, James G},
	journal={Forest Ecology and Management},
	volume={261},
	number={7},
	pages={1143--1151},
	year={2011},
	publisher={Elsevier}
}

@article{seymour2002natural,
	title={Natural disturbance regimes in northeastern North America—evaluating silvicultural systems using natural scales and frequencies},
	author={Seymour, Robert S and White, Alan S and others},
	journal={Forest Ecology and Management},
	volume={155},
	number={1},
	pages={357--367},
	year={2002},
	publisher={Elsevier}
}

@book{smith1997practice,
	title={The practice of silviculture: applied forest ecology.},
	author={Smith, David Martyn and Larson, Bruce C and Kelty, Matthew J and Ashton, P Mark S and others},
	number={Ed. 9},
	year={1997},
	publisher={John Wiley and Sons, Inc.}
}

@book{stocker2014climate,
	title={Climate change 2013: The physical science basis},
	author={Stocker, Thomas and Qin, Dahe and Plattner, Gian-Kasper and Tignor, M and Allen, Simon K and Boschung, Judith and Nauels, Alexander and Xia, Yu and Bex, Vincent and Midgley, Pauline M},
	year={2014},
	publisher={Cambridge University Press Cambridge, UK, and New York}
}

@book{sands2013forestry,
	title={Forestry in a global context},
	author={Sands, Roger},
	year={2013},
	publisher={CABI}
}

@article{thiffault2003sylviculture,
	title={La sylviculture des plantations r{\'e}sineuses au Qu{\'e}bec},
	author={Thiffault, Nelson and Roy, Vincent and Pr{\'e}gent, Guy and Cyr, Guillaume and Jobidon, Robert and M{\'e}n{\'e}trier, Jean},
	journal={Nat. can},
	volume={127},
	number={1},
	pages={63--80},
	year={2003}
}

@article{woods2004intermediate,
	title={Intermediate disturbance in a late-successional hemlock-northern hardwood forest},
	author={Woods, Kerry D},
	journal={Journal of Ecology},
	volume={92},
	number={3},
	pages={464--476},
	year={2004},
	publisher={Wiley Online Library}
}



